@article{Mash,
    title = {{Mash: fast genome and metagenome distance estimation using MinHash}},
    year = {2016},
    journal = {Genome Biology},
    author = {Ondov, Brian D and Treangen, Todd J and Melsted, Páll and Mallonee, Adam B and Bergman, Nicholas H and Koren, Sergey and Phillippy, Adam M},
    number = {1},
    month = {12},
    pages = {132},
    volume = {17},
    url = {http://download.springer.com/static/pdf/329/art%253A10.1186%252Fs13059-016-0997-x.pdf?originUrl=http%3A%2F%2Fgenomebiology.biomedcentral.com%2Farticle%2F10.1186%2Fs13059-016-0997-x&token2=exp=1490224184~acl=%2Fstatic%2Fpdf%2F329%2Fart%25253A10.1186%25252F},
    doi = {10.1186/s13059-016-0997-x},
    issn = {1474-760X},
    keywords = {Alignment, Comparative genomics, Genomic distance, Metagenomics Background, Nanopore, Sequencing}
}

@article{taxl,
    title = {{TaxI: a software tool for DNA barcoding using distance methods}},
    year = {2005},
    journal = {Philosophical Transactions of the Royal Society B: Biological Sciences},
    author = {Steinke, D. and Vences, M. and Salzburger, W. and Meyer, A.},
    number = {1462},
    pages = {1975--1980},
    volume = {360},
    url = {http://rstb.royalsocietypublishing.org/cgi/doi/10.1098/rstb.2005.1729},
    isbn = {0962-8436 (Print){\textbackslash}r0962-8436 (Linking)},
    doi = {10.1098/rstb.2005.1729},
    issn = {0962-8436},
    pmid = {16214755}
}

@article{Seifert2007,
    title = {{Prospects for fungus identification using CO1 DNA barcodes, with Penicillium as a test case}},
    year = {2007},
    journal = {Proceedings of the National Academy of Sciences},
    author = {Seifert, K. A. and Samson, R. A. and deWaard, J. R. and Houbraken, J. and Levesque, C. A. and Moncalvo, J.-M. and Louis-Seize, G. and Hebert, P. D. N.},
    number = {10},
    pages = {3901--3906},
    volume = {104},
    url = {http://www.pnas.org/cgi/doi/10.1073/pnas.0611691104},
    isbn = {0027-8424 (Print){\textbackslash}r0027-8424 (Linking)},
    doi = {10.1073/pnas.0611691104},
    issn = {0027-8424},
    pmid = {17360450}
}

@article{Vences2005,
    title = {{Comparative performance of the 16S rRNA gene in DNA barcoding of amphibians}},
    year = {2005},
    journal = {Frontiers in zoology},
    author = {Vences, Miguel and Thomas, Meike and van der Meijden, Arie and Chiari, Ylenia and Vieites, David R},
    pages = {5},
    volume = {2},
    isbn = {1742999425},
    doi = {10.1186/1742-9994-2-5},
    issn = {1742-9994},
    pmid = {15771783}
}

@article{Erpenbeck2006,
    title = {{CO1 phylogenies in diploblasts and the 'Barcoding of Life' - are we sequencing a suboptimal partition?}},
    year = {2006},
    journal = {Molecular Ecology Notes},
    author = {ERPENBECK, D. and HOOPER, J. N. A. and WORHEIDE, G.},
    number = {2},
    month = {6},
    pages = {550--553},
    volume = {6},
    url = {http://doi.wiley.com/10.1111/j.1471-8286.2005.01259.x},
    isbn = {1471-8278{\textbackslash}n1471-8286},
    doi = {10.1111/j.1471-8286.2005.01259.x},
    issn = {1471-8278},
    pmid = {637},
    keywords = {Barcoding, CO1, Corals, Partition, Phylogenetic resolution, Sponges}
}

@article{Savolainen2005book,
    title = {{DNA barcoding of life}},
    year = {2005},
    journal = {London: Royal Society},
    author = {Savolainen, V and Cowan, R S and Vogler, A P and Roderick, G K and Lane, R}
}

@article{Savolainen2005,
    title = {{Towards writing the encyclopaedia of life: an introduction to DNA barcoding}},
    year = {2005},
    journal = {Philosophical Transactions of the Royal Society B: Biological Sciences},
    author = {Savolainen, V. and Cowan, R. S. and Vogler, A. P. and Roderick, G. K. and Lane, R.},
    number = {1462},
    pages = {1805--1811},
    volume = {360},
    url = {http://rstb.royalsocietypublishing.org/cgi/doi/10.1098/rstb.2005.1730},
    isbn = {0962-8436},
    doi = {10.1098/rstb.2005.1730},
    issn = {0962-8436},
    pmid = {16214739}
}

@article{ART,
    title = {{ART: a next-generation sequencing read simulator}},
    year = {2012},
    journal = {Bioinformatics},
    author = {Huang, Weichun and Li, Leping and Myers, Jason R. and Marth, Gabor T.},
    number = {4},
    month = {2},
    pages = {593--594},
    volume = {28},
    publisher = {Oxford University Press},
    url = {https://academic.oup.com/bioinformatics/article-lookup/doi/10.1093/bioinformatics/btr708},
    doi = {10.1093/bioinformatics/btr708},
    issn = {1460-2059}
}

@article{InsectBase,
    title = {{InsectBase: a resource for insect genomes and transcriptomes}},
    year = {2016},
    journal = {Nucleic Acids Research},
    author = {Yin, Chuanlin and Shen, Gengyu and Guo, Dianhao and Wang, Shuping and Ma, Xingzhou and Xiao, Huamei and Liu, Jinding and Zhang, Zan and Liu, Ying and Zhang, Yiqun and Yu, Kaixiang and Huang, Shuiqing and Li, Fei},
    number = {D1},
    month = {1},
    pages = {D801-D807},
    volume = {44},
    url = {http://www.ncbi.nlm.nih.gov/pubmed/26578584 http://www.pubmedcentral.nih.gov/articlerender.fcgi?artid=PMC4702856 https://academic.oup.com/nar/article-lookup/doi/10.1093/nar/gkv1204},
    doi = {10.1093/nar/gkv1204},
    issn = {0305-1048},
    pmid = {26578584}
}

@article{avian,
    title = {{Whole-genome analyses resolve early branches in the tree of life of modern birds}},
    year = {2014},
    journal = {Science},
    author = {Jarvis, Erich D and Mirarab, Siavash and Aberer, Andre J. and Li, Bo and Houde, Peter and Li, Cai and Ho, Simon Y W and Faircloth, Brant C and Nabholz, Benoit and Howard, Jason T and Suh, Alexander and Weber, Claudia C and da Fonseca, Rute R and Li, Jianwen and Zhang, Fang and Li, Hui and Zhou, Long and Narula, Nitish and Liu, Liang and Ganapathy, Ganeshkumar and Boussau, Bastien and Bayzid, Md. Shamsuzzoha and Zavidovych, Volodymyr and Subramanian, Sankar and Gabald{\'{o}}n, Toni and Capella-Guti{\'{e}}rrez, Salvador and Huerta-Cepas, Jaime and Rekepalli, Bhanu and Munch, Kasper and Schierup, Mikkel H. and Lindow, Bent and Warren, Wesley C and Ray, David and Green, Richard E and Bruford, Michael W and Zhan, Xiangjiang and Dixon, Andrew and Li, Shengbin and Li, Ning and Huang, Yinhua and Derryberry, Elizabeth P and Bertelsen, Mads Frost and Sheldon, Frederick H and Brumfield, Robb T. and Mello, Claudio V and Lovell, Peter V and Wirthlin, Morgan and Schneider, Maria Paula Cruz and Prosdocimi, Francisco and Samaniego, José Alfredo and Velazquez, Amhed Missael Vargas and Alfaro-N{\'{u}}{\~{n}}ez, Alonzo and Campos, Paula F and Petersen, Bent and Sicheritz-Ponten, Thomas and Pas, An and Bailey, Tom and Scofield, Paul and Bunce, Michael and Lambert, David M and Zhou, Qi and Perelman, Polina and Driskell, Amy C. and Shapiro, Beth and Xiong, Zijun and Zeng, Yongli and Liu, Shiping and Li, Zhenyu and Liu, Binghang and Wu, Kui and Xiao, Jin and Yinqi, Xiong and Zheng, Qiuemei and Zhang, Yong and Yang, Huanming and Wang, Jian and Smeds, Linnea and Rheindt, Frank E and Braun, Michael J and Fjelds{\aa}, Jon and Orlando, Ludovic and Barker, F Keith and J{\o}nsson, Knud Andreas and Johnson, Warren and Koepfli, Klaus-Peter and O’Brien, Stephen and Haussler, David and Ryder, Oliver A and Rahbek, Carsten and Willerslev, Eske and Graves, Gary R and Glenn, Travis C. and McCormack, John E and Burt, Dave W and Ellegren, Hans and Alstr{\"{o}}m, Per and Edwards, Scott V and Stamatakis, Alexandros and Mindell, David P and Cracraft, Joel and Braun, Edward L and Warnow, Tandy and Jun, Wang and Gilbert, M Thomas P and Zhang, Guojie},
    number = {6215},
    month = {12},
    pages = {1320--1331},
    volume = {346},
    url = {http://www.sciencemag.org/content/346/6215/1320.abstract},
    doi = {10.1126/science.1253451}
}

@article{Jarvis2015giga,
    title = {{Phylogenomic analyses data of the avian phylogenomics project}},
    year = {2015},
    journal = {GigaScience},
    author = {Jarvis, Erich D and Mirarab, Siavash and Aberer, Andre J. and Li, Bo and Houde, Peter and Li, Cai and Ho, Simon Y W and Faircloth, Brant C and Nabholz, Benoit and Howard, Jason T},
    number = {1},
    pages = {4},
    volume = {4},
    publisher = {BioMed Central},
    issn = {2047-217X}
}

@article{Fan2015,
    title = {{An assembly and alignment-free method of phylogeny reconstruction from next-generation sequencing data}},
    year = {2015},
    journal = {BMC Genomics},
    author = {Fan, Huan and Ives, Anthony R and Surget-Groba, Yann and Cannon, Charles H},
    number = {1},
    month = {7},
    pages = {522},
    volume = {16},
    url = {https://doi.org/10.1186/s12864-015-1647-5},
    doi = {10.1186/s12864-015-1647-5},
    issn = {1471-2164}
}

@article{pplacer,
    title = {{pplacer: linear time maximum-likelihood and Bayesian phylogenetic placement of sequences onto a fixed reference tree.}},
    year = {2010},
    journal = {BMC bioinformatics},
    author = {Matsen, Frederick A and Kodner, Robin B and Armbrust, E Virginia},
    number = {1},
    month = {1},
    pages = {538},
    volume = {11},
    publisher = {BioMed Central Ltd},
    url = {http://www.pubmedcentral.nih.gov/articlerender.fcgi?artid=3098090&tool=pmcentrez&rendertype=abstract},
    doi = {10.1186/1471-2105-11-538},
    issn = {1471-2105},
    pmid = {21034504},
    keywords = {Base Sequence, Bayes Theorem, Computational Biology, Computational Biology: methods, Likelihood Functions, Phylogeny, Sequence Alignment, Sequence Alignment: methods, Software}
}

@article{sepp,
    title = {{SEPP: SAT{\'{e}}-Enabled Phylogenetic Placement.}},
    year = {2012},
    journal = {Pacific Symposium On Biocomputing},
    author = {Mirarab, Siavash and Nguyen, Nam and Warnow, Tandy},
    pages = {247--58},
    url = {http://www.ncbi.nlm.nih.gov/pubmed/22174280},
    issn = {17935091},
    pmid = {22174280},
    keywords = {metagenomic analysis, phylogenetic placement}
}

@article{epa,
    title = {{Performance, Accuracy, and Web Server for Evolutionary Placement of Short Sequence Reads under Maximum Likelihood}},
    year = {2011},
    journal = {Systematic Biology},
    author = {Berger, Simon A and {D.K.} and Stamatakis, Alexandros and Krompass, Denis},
    number = {3},
    month = {5},
    pages = {291--302},
    volume = {60},
    url = {http://sysbio.oxfordjournals.org/cgi/content/abstract/60/3/291 http://sysbio.oxfordjournals.org/content/60/3/291.abstract http://sysbio.oxfordjournals.org/content/60/3/291.full.pdf http://www.pubmedcentral.nih.gov/articlerender.fcgi?artid=3078422&tool=pmc},
    doi = {10.1093/sysbio/syr010},
    issn = {1076-836X},
    pmid = {21436105}
}

@article{Hebert2003,
    title = {{Biological identifications through DNA barcodes}},
    year = {2003},
    journal = {Proceedings of the Royal Society B: Biological Sciences},
    author = {Hebert, P. D. N. and Cywinska, A. and Ball, S. L. and deWaard, J. R.},
    number = {1512},
    pages = {313--321},
    volume = {270},
    url = {http://rspb.royalsocietypublishing.org/cgi/doi/10.1098/rspb.2002.2218},
    isbn = {0962-8452},
    doi = {10.1098/rspb.2002.2218},
    issn = {0962-8452},
    pmid = {12614582},
    arxivId = {arXiv:astro-ph/0005074v1},
    archivePrefix = {arXiv},
    eprint = {0005074v1},
    primaryClass = {astro-ph}
}

@misc{Coissac2016,
    title = {{From barcodes to genomes: Extending the concept of DNA barcoding}},
    year = {2016},
    booktitle = {Molecular Ecology},
    author = {Coissac, Eric and Hollingsworth, Peter M. and Lavergne, Sébastien and Taberlet, Pierre},
    number = {7},
    pages = {1423--1428},
    volume = {25},
    isbn = {0962-1083},
    doi = {10.1111/mec.13549},
    issn = {1365294X},
    pmid = {26821259},
    keywords = {DNA Barcoding, chloroplast DNA, genome skimming, mitochondrial DNA, next-generation DNA sequencing, ribosomal DNA}
}

@article{Quicke2012,
    title = {{Utility of the DNA barcoding gene fragment for parasitic wasp phylogeny (Hymenoptera: Ichneumonoidea): Data release and new measure of taxonomic congruence}},
    year = {2012},
    journal = {Molecular Ecology Resources},
    author = {Quicke, Donald L J and Alex Smith, M. and Janzen, Daniel H. and Hallwachs, Winnie and Fernandez-Triana, Jose and Laurenne, Nina M. and Zald??var-River??n, Alejandro and Shaw, Mark R. and Broad, Gavin R. and Klopfstein, Seraina and Shaw, Scott R. and Hrcek, Jan and Hebert, Paul D N and Miller, Scott E. and Rodriguez, Josephine J. and Whitfield, James B. and Sharkey, Michael J. and Sharanowski, Barbara J. and Jussila, Reijo and Gauld, Ian D. and Chesters, Douglas and Vogler, Alfried P.},
    number = {4},
    month = {7},
    pages = {676--685},
    volume = {12},
    url = {http://doi.wiley.com/10.1111/j.1755-0998.2012.03143.x},
    isbn = {1755-098X},
    doi = {10.1111/j.1755-0998.2012.03143.x},
    issn = {1755098X},
    pmid = {22487608},
    keywords = {Braconidae, Cytochrome oxidase 1, Ichneumonidae, Sampling density, Simpson dominance index, Taxonomic retention index}
}

@article{BOLD,
    title = {{BOLD : The Barcode of Life Data System (www.barcodinglife.org)}},
    year = {2007},
    journal = {Molecular Ecology Notes},
    author = {Ratnasingham, Sujeevan and Hebert, Paul D N},
    number = {April 2016},
    pages = {355--364},
    volume = {7},
    isbn = {1471-8286},
    doi = {10.1111/j.1471-8286.2006.01678.x},
    issn = {08927553},
    pmid = {18784790},
    arxivId = {arXiv:gr-qc/9809069v1},
    archivePrefix = {arXiv},
    eprint = {9809069v1},
    primaryClass = {gr-qc},
    keywords = {2006, coi, dna barcoding, gene sequence, informatics, received 30 july 2006, revision accepted 17 november, species identification, taxonomy}
}

@article{Hollingsworth2009,
    title = {{A DNA barcode for land plants}},
    year = {2009},
    journal = {Proceedings of the National Academy of Sciences},
    author = {Hollingsworth, P. M. and Forrest, Laura L. and Spouge, John L. and Hajibabaei, Mehrdad and Ratnasingham, Sujeevan and van der Bank, Michelle and Chase, Mark W. and Cowan, Robyn S. and Erickson, David L. and Fazekas, Aron J. and Graham, Sean W. and James, Karen E. and Kim, K.-J. and Kress, W. John and Schneider, Harald and van AlphenStahl, Jonathan and Barrett, Spencer C.H. and van den Berg, Cassio and Bogarin, Diego and Burgess, Kevin S. and Cameron, Kenneth M. and Carine, Mark and Chacon, Juliana and Clark, Alexandra and Clarkson, James J. and Conrad, Ferozah and Devey, Dion S. and Ford, Caroline S. and Hedderson, Terry A.J. and Hollingsworth, Michelle L. and Husband, Brian C. and Kelly, Laura J. and Kesanakurti, Prasad R. and Kim, J. S. and Kim, Y.-D. and Lahaye, Renaud and Lee, H.-L. and Long, David G. and Madrinan, Santiago and Maurin, Olivier and Meusnier, Isabelle and Newmaster, Steven G. and Park, C.-W. and Percy, Diana M. and Petersen, Gitte and Richardson, James E. and Salazar, Gerardo A. and Savolainen, Vincent and Seberg, Ole and Wilkinson, Michael J. and Yi, D.-K. and Little, Damon P.},
    number = {31},
    month = {8},
    pages = {12794--12797},
    volume = {106},
    url = {http://www.pnas.org/content/106/31/12794.full http://www.pnas.org/cgi/doi/10.1073/pnas.0905845106},
    isbn = {0027-8424},
    doi = {10.1073/pnas.0905845106},
    issn = {0027-8424},
    pmid = {19666622},
    keywords = {Automatic Data Processing, DNA, Plant, Plant: chemistry, Plants, Plants: classification, Plants: genetics, Ribulose-Bisphosphate Carboxylase, Ribulose-Bisphosphate Carboxylase: genetics}
}

@article{Hickerson2006a,
    title = {{DNA Barcoding Will Often Fail to Discover New Animal Species over Broad Parameter Space}},
    year = {2006},
    journal = {Systematic Biology},
    author = {Hickerson, Michael J. and Meyer, Christopher P. and Moritz, Craig and Hedin, Marshal},
    number = {5},
    month = {10},
    pages = {729--739},
    volume = {55},
    url = {http://academic.oup.com/sysbio/article/55/5/729/1663614/DNA-Barcoding-Will-Often-Fail-to-Discover-New},
    isbn = {1063-5157},
    doi = {10.1080/10635150600969898},
    issn = {1076-836X},
    pmid = {17060195},
    keywords = {Allopatric, Bateson-Dobzhansky-Muller, DNA barcode, Peripatric, Reciprocal monophyly}
}

@article{Clarke2014,
    title = {{Environmental metabarcodes for insects: In silico PCR reveals potential for taxonomic bias}},
    year = {2014},
    journal = {Molecular Ecology Resources},
    author = {Clarke, Laurence J. and Soubrier, Julien and Weyrich, Laura S. and Cooper, Alan},
    number = {6},
    pages = {1160--1170},
    volume = {14},
    isbn = {1755-0998},
    doi = {10.1111/1755-0998.12265},
    issn = {17550998},
    pmid = {24751203},
    keywords = {Environmental DNA, Insect, Metabarcoding, PCR bias}
}

@incollection{Mai2017a,
    title = {{TreeShrink: Efficient Detection of Outlier Tree Leaves}},
    year = {2017},
    booktitle = {Lecture Notes in Computer Science (including subseries Lecture Notes in Artificial Intelligence and Lecture Notes in Bioinformatics)},
    author = {Mai, Uyen and Mirarab, Siavash},
    pages = {116--140},
    volume = {10562 LNBI},
    url = {http://link.springer.com/10.1007/978-3-319-67979-2_7},
    isbn = {9783319679785},
    doi = {10.1007/978-3-319-67979-2{\_}7},
    issn = {16113349},
    keywords = {Gene tree discordance, Rogue taxon removal, Tree diameter}
}

@article{Hickerson2006,
    title = {{DNA Barcoding Will Often Fail to Discover New Animal Species over Broad Parameter Space}},
    year = {2006},
    journal = {Systematic Biology},
    author = {Hickerson, Michael J. and Meyer, Christopher P. and Moritz, Craig and Hedin, Marshal},
    number = {5},
    month = {10},
    pages = {729--739},
    volume = {55},
    url = {http://academic.oup.com/sysbio/article/55/5/729/1663614/DNA-Barcoding-Will-Often-Fail-to-Discover-New},
    isbn = {1063-5157},
    doi = {10.1080/10635150600969898},
    issn = {1076-836X},
    pmid = {17060195},
    keywords = {Allopatric, Bateson-Dobzhansky-Muller, DNA barcode, Peripatric, Reciprocal monophyly}
}

@article{Besnard2014,
    title = {{From museums to genomics: Old herbarium specimens shed light on a C3 to C4 transition}},
    year = {2014},
    journal = {Journal of Experimental Botany},
    author = {Besnard, Guillaume and Christin, Pascal Antoine and Mal{\'{e}}, Pierre Jean G and Lhuillier, Emeline and Lauzeral, Christine and Coissac, Eric and Vorontsova, Maria S.},
    number = {22},
    pages = {6711--6721},
    volume = {65},
    isbn = {0022-0957},
    doi = {10.1093/jxb/eru395},
    issn = {14602431},
    pmid = {25258360},
    keywords = {Aristidoideae, Madagascar, NGS, Poaceae, Sartidia, Stipagrostis, herbarium, plastid genome, ribosomal DNA, single-copy genes}
}

@article{Pons2006,
    title = {{Sequence-based species delimitation for the DNA taxonomy of undescribed insects}},
    year = {2006},
    journal = {Systematic Biology},
    author = {Pons, Joan and Barraclough, Timothy G. and Gomez-Zurita, Jesus and Cardoso, Anabela and Duran, Daniel P. and Hazell, Steaphan and Kamoun, Sophien and Sumlin, William D. and Vogler, Alfried P.},
    number = {4},
    pages = {595--609},
    volume = {55},
    isbn = {1063-5157},
    doi = {10.1080/10635150600852011},
    issn = {10635157},
    pmid = {16967577},
    keywords = {Australia, Cicindelidae, Coalescence, Paleoclimate, Phylogenetic species concept, mtDNA}
}

@article{Taylor2017,
    title = {{Systematics of Himerometra (Echinodermata: Crinoidea: Himerometridae) based on morphology and molecular data}},
    year = {2017},
    journal = {Zoological Journal of the Linnean Society},
    author = {Taylor, Kristian H and Rouse, Greg W and Messing, Charles G},
    number = {2},
    month = {10},
    pages = {342--356},
    volume = {181},
    url = {http://dx.doi.org/10.1093/zoolinnean/zlx009},
    issn = {0024-4082}
}

@article{Hedin2001,
    title = {{A Combined Molecular Approach to Phylogeny of the Jumping Spider Subfamily Dendryphantinae (Araneae: Salticidae)}},
    year = {2001},
    journal = {Molecular Phylogenetics and Evolution},
    author = {Hedin, Marshal C. and Maddison, Wayne P.},
    number = {3},
    month = {3},
    pages = {386--403},
    volume = {18},
    url = {http://linkinghub.elsevier.com/retrieve/pii/S1055790300908832},
    isbn = {1055-7903},
    doi = {10.1006/mpev.2000.0883},
    issn = {10557903},
    pmid = {11277632}
}

@article{Helgen2006,
    title = {{Species delimitation and distribution in Aporometra (Crinoidea:Echinodermata): endemic Australian featherstars}},
    year = {2006},
    journal = {Invertebrate Systematics},
    author = {Helgen, Lauren E and Rouse, Greg W},
    number = {3},
    pages = {395--414},
    volume = {20},
    url = {https://doi.org/10.1071/IS05050}
}

@article{Zhang2017,
    title = {{A new species of Ophryotrocha (Annelida, Eunicida, Dorvilleidae) from hydrothermal vents on the Southwest Indian Ridge}},
    year = {2017},
    journal = {ZooKeys},
    author = {Zhang, Dong-sheng and Zhou, Ya-dong and Wang, Chun-sheng and Rouse, Greg},
    month = {8},
    pages = {1--9},
    volume = {687},
    url = {https://zookeys.pensoft.net/articles.php?id=13046},
    doi = {10.3897/zookeys.687.13046},
    issn = {1313-2970}
}

@article{Hickerson2006b,
    title = {{DNA Barcoding Will Often Fail to Discover New Animal Species over Broad Parameter Space}},
    year = {2006},
    journal = {Systematic Biology},
    author = {Hickerson, Michael J. and Meyer, Christopher P. and Moritz, Craig and Hedin, Marshal},
    number = {5},
    month = {10},
    pages = {729--739},
    volume = {55},
    url = {http://academic.oup.com/sysbio/article/55/5/729/1663614/DNA-Barcoding-Will-Often-Fail-to-Discover-New},
    isbn = {1063-5157},
    doi = {10.1080/10635150600969898},
    issn = {1076-836X},
    pmid = {17060195},
    keywords = {Allopatric, Bateson-Dobzhansky-Muller, DNA barcode, Peripatric, Reciprocal monophyly}
}

@article{Felsenstein2003,
    title = {{Inferring phytogenies}},
    year = {2003},
    journal = {Sunderland},
    author = {Felsenstein, Joseph}
}

@article{Vinga2003,
    title = {{Alignment-free sequence comparison--a review}},
    year = {2003},
    journal = {Bioinformatics},
    author = {Vinga, Susana and Almeida, Jonas},
    number = {4},
    month = {3},
    pages = {513--523},
    volume = {19},
    url = {http://www.ncbi.nlm.nih.gov/pubmed/12611807 https://academic.oup.com/bioinformatics/article-lookup/doi/10.1093/bioinformatics/btg005},
    isbn = {1367-4803},
    doi = {10.1093/bioinformatics/btg005},
    issn = {1367-4803},
    pmid = {12611807}
}

@article{Thorne1992,
    title = {{Freeing phylogenies from artifacts of alignment.}},
    year = {1992},
    journal = {Molecular biology and evolution},
    author = {Thorne, J L and Kishino, H},
    number = {6},
    month = {11},
    pages = {1148--62},
    volume = {9},
    url = {http://www.ncbi.nlm.nih.gov/pubmed/1435239},
    isbn = {0737-4038},
    issn = {0737-4038},
    pmid = {1435239},
    keywords = {Base Sequence, DNA, DNA: methods, Genes, Plant, Likelihood Functions, Molecular Sequence Data, Phylogeny, Plant, Ribulose-Bisphosphate Carboxylase, Ribulose-Bisphosphate Carboxylase: genetics, Sequence Alignment, Sequence Alignment: methods, Sequence Analysis, DNA, Sequence Analysis, DNA: methods}
}

@article{Fan2011,
    title = {{An assembly and alignment-free method of phylogeny reconstruction from next-generation sequencing data}},
    year = {2015},
    journal = {BMC Genomics},
    author = {Fan, Huan and Ives, Anthony R and Surget-Groba, Yann and Cannon, Charles H},
    number = {1},
    month = {12},
    pages = {522},
    volume = {16},
    url = {http://download.springer.com/static/pdf/431/art%253A10.1186%252Fs12864-015-1647-5.pdf?originUrl=http%3A%2F%2Fbmcgenomics.biomedcentral.com%2Farticle%2F10.1186%2Fs12864-015-1647-5&token2=exp=1492032740~acl=%2Fstatic%2Fpdf%2F431%2Fart%25253A10.1186%25252Fs1},
    doi = {10.1186/s12864-015-1647-5},
    issn = {1471-2164},
    keywords = {Alignment-free, Assembly-free Background, Homoplasy, Phylogenomics, k-mers}
}

@article{tipp,
    title = {{TIPP: taxonomic identification and phylogenetic profiling}},
    year = {2014},
    journal = {Bioinformatics},
    author = {Nguyen, Nam-phuong and Mirarab, Siavash and Liu, Bo and Pop, Mihai and Warnow, Tandy},
    number = {24},
    month = {12},
    pages = {3548--3555},
    volume = {30},
    url = {http://bioinformatics.oxfordjournals.org/cgi/doi/10.1093/bioinformatics/btu721 https://academic.oup.com/bioinformatics/article-lookup/doi/10.1093/bioinformatics/btu721},
    doi = {10.1093/bioinformatics/btu721},
    issn = {1460-2059}
}

@article{Hohl2007,
    title = {{Is multiple-sequence alignment required for accurate inference of phylogeny?}},
    year = {2007},
    journal = {Systematic Biology},
    author = {H{\"{o}}hl, Michael and Ragan, Mark A.},
    number = {2},
    pages = {206--221},
    volume = {56},
    isbn = {1063-5157 (Print){\textbackslash}n1063-5157 (Linking)},
    doi = {10.1080/10635150701294741},
    issn = {10635157},
    pmid = {17454975},
    keywords = {Alignment-free methods, Bayesian, Distance estimation, Phylogenetics, Tree reconstruction}
}

@article{Daskalakis2013,
    title = {{Alignment-free phylogenetic reconstruction: Sample complexity via a branching process analysis}},
    year = {2013},
    journal = {Annals of Applied Probability},
    author = {Daskalakis, Constantinos and Roch, Sebastien},
    number = {2},
    pages = {693--721},
    volume = {23},
    doi = {10.1214/12-AAP852},
    issn = {10505164},
    arxivId = {arXiv:1109.5002v2},
    keywords = {Alignment, Branching processes, Phylogenetic reconstruction}
}

@article{jellyfish,
    title = {{A fast, lock-free approach for efficient parallel counting of occurrences of k-mers}},
    year = {2011},
    journal = {Bioinformatics},
    author = {Mar{\c{c}}ais, Guillaume and Kingsford, Carl},
    number = {6},
    month = {3},
    pages = {764--770},
    volume = {27},
    publisher = {MIT, Cambridge, MA},
    url = {https://academic.oup.com/bioinformatics/article-lookup/doi/10.1093/bioinformatics/btr011},
    doi = {10.1093/bioinformatics/btr011},
    issn = {1460-2059}
}

@article{RichardsBestGenome,
    title = {{Best Practices in Insect Genome Sequencing: What Works and What Doesn't Sanger Beginnings: The First Insect Genome}},
    author = {Richards, Stephen and Murali, Shwetha C},
    url = {https://www.ncbi.nlm.nih.gov/pmc/articles/PMC4465116/pdf/nihms676074.pdf},
    doi = {10.1016/j.cois.2015.02.013}
}
@misc{PhyloAlps,
    title = {{France G{\'{e}}nomique - Mutualisation des comp{\'{e}}tences et des {\'{e}}quipements fran{\c{c}}ais pour l’analyse g{\'{e}}nomique et la bio-informatique}},
    howpublished = {\url{https://www.france-genomique.org/}}
}

@misc{NorBol,
    title = {{Norwegian Barcode of Life (NorBOL)}},
    howpublished = {\url{http://www.norbol.org/en/}}
}

@misc{DNAmark,
    title = {{DNAmark}},
    howpublished = {\url{http://dnamark.ku.dk/english/}}
}

@misc{TargetMalaria,
    title = {{The Target Malaria Project}},
    howpublished = {\url{targetmalaria.org}}
}

% 28060848 
@Article{Liao2017,
   Author="Liao, W.  and Atkinson, C. T.  and LaPointe, D. A.  and Samuel, M. D. ",
   Title="{{M}itigating {F}uture {A}vian {M}alaria {T}hreats to {H}awaiian {F}orest {B}irds from {C}limate {C}hange}",
   Journal="PLoS ONE",
   Year="2017",
   Volume="12",
   Number="1",
   Pages="e0168880"
}

% 28079089 
@Article{Owens2017,
   Author="Owens, B. ",
   Title="{{B}ehind {N}ew {Z}ealand's wild plan to purge all pests}",
   Journal="Nature",
   Year="2017",
   Volume="541",
   Number="7636",
   Pages="148--150",
   Month="01"
}

% 27112993 
@Article{Beng2016,
   Author="Beng, K. C.  and Tomlinson, K. W.  and Shen, X. H.  and Surget-Groba, Y.  and Hughes, A. C.  and Corlett, R. T.  and Slik, J. W. ",
   Title="{{T}he utility of {D}{N}{A} metabarcoding for studying the response of arthropod diversity and composition to land-use change in the tropics}",
   Journal="Sci Rep",
   Year="2016",
   Volume="6",
   Pages="24965",
   Month="04"
}

% 25035410 
@Article{Oye2014,
   Author="Oye, K. A.  and Esvelt, K.  and Appleton, E.  and Catteruccia, F.  and Church, G.  and Kuiken, T.  and Lightfoot, S. B.  and McNamara, J.  and Smidler, A.  and Collins, J. P. ",
   Title="{{B}iotechnology. {R}egulating gene drives}",
   Journal="Science",
   Year="2014",
   Volume="345",
   Number="6197",
   Pages="626--628",
   Month="Aug"
}


