@article{Mash,
    title = {{Mash: fast genome and metagenome distance estimation using MinHash}},
    year = {2016},
    journal = {Genome Biology},
    author = {Ondov, Brian D and Treangen, Todd J and Melsted, Páll and Mallonee, Adam B and Bergman, Nicholas H and Koren, Sergey and Phillippy, Adam M},
    number = {1},
    month = {12},
    pages = {132},
    volume = {17},
    url = {http://download.springer.com/static/pdf/329/art%253A10.1186%252Fs13059-016-0997-x.pdf?originUrl=http%3A%2F%2Fgenomebiology.biomedcentral.com%2Farticle%2F10.1186%2Fs13059-016-0997-x&token2=exp=1490224184~acl=%2Fstatic%2Fpdf%2F329%2Fart%25253A10.1186%25252F},
    doi = {10.1186/s13059-016-0997-x},
    issn = {1474-760X},
    keywords = {Alignment, Comparative genomics, Genomic distance, Metagenomics Background, Nanopore, Sequencing}
}

@article{taxl,
    title = {{TaxI: a software tool for DNA barcoding using distance methods}},
    year = {2005},
    journal = {Philosophical Transactions of the Royal Society B: Biological Sciences},
    author = {Steinke, D. and Vences, M. and Salzburger, W. and Meyer, A.},
    number = {1462},
    pages = {1975--1980},
    volume = {360},
    url = {http://rstb.royalsocietypublishing.org/cgi/doi/10.1098/rstb.2005.1729},
    isbn = {0962-8436 (Print){\textbackslash}r0962-8436 (Linking)},
    doi = {10.1098/rstb.2005.1729},
    issn = {0962-8436},
    pmid = {16214755}
}

@article{Seifert2007,
    title = {{Prospects for fungus identification using CO1 DNA barcodes, with Penicillium as a test case}},
    year = {2007},
    journal = {Proceedings of the National Academy of Sciences},
    author = {Seifert, K. A. and Samson, R. A. and deWaard, J. R. and Houbraken, J. and Levesque, C. A. and Moncalvo, J.-M. and Louis-Seize, G. and Hebert, P. D. N.},
    number = {10},
    pages = {3901--3906},
    volume = {104},
    url = {http://www.pnas.org/cgi/doi/10.1073/pnas.0611691104},
    isbn = {0027-8424 (Print){\textbackslash}r0027-8424 (Linking)},
    doi = {10.1073/pnas.0611691104},
    issn = {0027-8424},
    pmid = {17360450}
}

@article{Vences2005,
    title = {{Comparative performance of the 16S rRNA gene in DNA barcoding of amphibians}},
    year = {2005},
    journal = {Frontiers in zoology},
    author = {Vences, Miguel and Thomas, Meike and van der Meijden, Arie and Chiari, Ylenia and Vieites, David R},
    pages = {5},
    volume = {2},
    isbn = {1742999425},
    doi = {10.1186/1742-9994-2-5},
    issn = {1742-9994},
    pmid = {15771783}
}

@article{Erpenbeck2006,
    title = {{CO1 phylogenies in diploblasts and the 'Barcoding of Life' - are we sequencing a suboptimal partition?}},
    year = {2006},
    journal = {Molecular Ecology Notes},
    author = {ERPENBECK, D. and HOOPER, J. N. A. and WORHEIDE, G.},
    number = {2},
    month = {6},
    pages = {550--553},
    volume = {6},
    url = {http://doi.wiley.com/10.1111/j.1471-8286.2005.01259.x},
    isbn = {1471-8278{\textbackslash}n1471-8286},
    doi = {10.1111/j.1471-8286.2005.01259.x},
    issn = {1471-8278},
    pmid = {637},
    keywords = {Barcoding, CO1, Corals, Partition, Phylogenetic resolution, Sponges}
}

@article{Savolainen2005book,
    title = {{DNA barcoding of life}},
    year = {2005},
    journal = {London: Royal Society},
    author = {Savolainen, V and Cowan, R S and Vogler, A P and Roderick, G K and Lane, R}
}

@article{Savolainen2005,
    title = {{Towards writing the encyclopaedia of life: an introduction to DNA barcoding}},
    year = {2005},
    journal = {Philosophical Transactions of the Royal Society B: Biological Sciences},
    author = {Savolainen, V. and Cowan, R. S. and Vogler, A. P. and Roderick, G. K. and Lane, R.},
    number = {1462},
    pages = {1805--1811},
    volume = {360},
    url = {http://rstb.royalsocietypublishing.org/cgi/doi/10.1098/rstb.2005.1730},
    isbn = {0962-8436},
    doi = {10.1098/rstb.2005.1730},
    issn = {0962-8436},
    pmid = {16214739}
}

@article{ART,
    title = {{ART: a next-generation sequencing read simulator}},
    year = {2012},
    journal = {Bioinformatics},
    author = {Huang, Weichun and Li, Leping and Myers, Jason R. and Marth, Gabor T.},
    number = {4},
    month = {2},
    pages = {593--594},
    volume = {28},
    publisher = {Oxford University Press},
    url = {https://academic.oup.com/bioinformatics/article-lookup/doi/10.1093/bioinformatics/btr708},
    doi = {10.1093/bioinformatics/btr708},
    issn = {1460-2059}
}

@article{InsectBase,
    title = {{InsectBase: a resource for insect genomes and transcriptomes}},
    year = {2016},
    journal = {Nucleic Acids Research},
    author = {Yin, Chuanlin and Shen, Gengyu and Guo, Dianhao and Wang, Shuping and Ma, Xingzhou and Xiao, Huamei and Liu, Jinding and Zhang, Zan and Liu, Ying and Zhang, Yiqun and Yu, Kaixiang and Huang, Shuiqing and Li, Fei},
    number = {D1},
    month = {1},
    pages = {D801-D807},
    volume = {44},
    url = {http://www.ncbi.nlm.nih.gov/pubmed/26578584 http://www.pubmedcentral.nih.gov/articlerender.fcgi?artid=PMC4702856 https://academic.oup.com/nar/article-lookup/doi/10.1093/nar/gkv1204},
    doi = {10.1093/nar/gkv1204},
    issn = {0305-1048},
    pmid = {26578584}
}

@article{avian,
    title = {{Whole-genome analyses resolve early branches in the tree of life of modern birds}},
    year = {2014},
    journal = {Science},
    author = {Jarvis, Erich D and Mirarab, Siavash and Aberer, Andre J. and Li, Bo and Houde, Peter and Li, Cai and Ho, Simon Y W and Faircloth, Brant C and Nabholz, Benoit and Howard, Jason T and Suh, Alexander and Weber, Claudia C and da Fonseca, Rute R and Li, Jianwen and Zhang, Fang and Li, Hui and Zhou, Long and Narula, Nitish and Liu, Liang and Ganapathy, Ganeshkumar and Boussau, Bastien and Bayzid, Md. Shamsuzzoha and Zavidovych, Volodymyr and Subramanian, Sankar and Gabald{\'{o}}n, Toni and Capella-Guti{\'{e}}rrez, Salvador and Huerta-Cepas, Jaime and Rekepalli, Bhanu and Munch, Kasper and Schierup, Mikkel H. and Lindow, Bent and Warren, Wesley C and Ray, David and Green, Richard E and Bruford, Michael W and Zhan, Xiangjiang and Dixon, Andrew and Li, Shengbin and Li, Ning and Huang, Yinhua and Derryberry, Elizabeth P and Bertelsen, Mads Frost and Sheldon, Frederick H and Brumfield, Robb T. and Mello, Claudio V and Lovell, Peter V and Wirthlin, Morgan and Schneider, Maria Paula Cruz and Prosdocimi, Francisco and Samaniego, José Alfredo and Velazquez, Amhed Missael Vargas and Alfaro-N{\'{u}}{\~{n}}ez, Alonzo and Campos, Paula F and Petersen, Bent and Sicheritz-Ponten, Thomas and Pas, An and Bailey, Tom and Scofield, Paul and Bunce, Michael and Lambert, David M and Zhou, Qi and Perelman, Polina and Driskell, Amy C. and Shapiro, Beth and Xiong, Zijun and Zeng, Yongli and Liu, Shiping and Li, Zhenyu and Liu, Binghang and Wu, Kui and Xiao, Jin and Yinqi, Xiong and Zheng, Qiuemei and Zhang, Yong and Yang, Huanming and Wang, Jian and Smeds, Linnea and Rheindt, Frank E and Braun, Michael J and Fjelds{\aa}, Jon and Orlando, Ludovic and Barker, F Keith and J{\o}nsson, Knud Andreas and Johnson, Warren and Koepfli, Klaus-Peter and O’Brien, Stephen and Haussler, David and Ryder, Oliver A and Rahbek, Carsten and Willerslev, Eske and Graves, Gary R and Glenn, Travis C. and McCormack, John E and Burt, Dave W and Ellegren, Hans and Alstr{\"{o}}m, Per and Edwards, Scott V and Stamatakis, Alexandros and Mindell, David P and Cracraft, Joel and Braun, Edward L and Warnow, Tandy and Jun, Wang and Gilbert, M Thomas P and Zhang, Guojie},
    number = {6215},
    month = {12},
    pages = {1320--1331},
    volume = {346},
    url = {http://www.sciencemag.org/content/346/6215/1320.abstract},
    doi = {10.1126/science.1253451}
}

@article{Jarvis2015giga,
    title = {{Phylogenomic analyses data of the avian phylogenomics project}},
    year = {2015},
    journal = {GigaScience},
    author = {Jarvis, Erich D and Mirarab, Siavash and Aberer, Andre J. and Li, Bo and Houde, Peter and Li, Cai and Ho, Simon Y W and Faircloth, Brant C and Nabholz, Benoit and Howard, Jason T},
    number = {1},
    pages = {4},
    volume = {4},
    publisher = {BioMed Central},
    issn = {2047-217X}
}

@article{Fan2015,
    title = {{An assembly and alignment-free method of phylogeny reconstruction from next-generation sequencing data}},
    year = {2015},
    journal = {BMC Genomics},
    author = {Fan, Huan and Ives, Anthony R and Surget-Groba, Yann and Cannon, Charles H},
    number = {1},
    month = {7},
    pages = {522},
    volume = {16},
    url = {https://doi.org/10.1186/s12864-015-1647-5},
    doi = {10.1186/s12864-015-1647-5},
    issn = {1471-2164}
}

@article{pplacer,
    title = {{pplacer: linear time maximum-likelihood and Bayesian phylogenetic placement of sequences onto a fixed reference tree.}},
    year = {2010},
    journal = {BMC bioinformatics},
    author = {Matsen, Frederick A and Kodner, Robin B and Armbrust, E Virginia},
    number = {1},
    month = {1},
    pages = {538},
    volume = {11},
    publisher = {BioMed Central Ltd},
    url = {http://www.pubmedcentral.nih.gov/articlerender.fcgi?artid=3098090&tool=pmcentrez&rendertype=abstract},
    doi = {10.1186/1471-2105-11-538},
    issn = {1471-2105},
    pmid = {21034504},
    keywords = {Base Sequence, Bayes Theorem, Computational Biology, Computational Biology: methods, Likelihood Functions, Phylogeny, Sequence Alignment, Sequence Alignment: methods, Software}
}

@article{sepp,
    title = {{SEPP: SAT{\'{e}}-Enabled Phylogenetic Placement.}},
    year = {2012},
    journal = {Pacific Symposium On Biocomputing},
    author = {Mirarab, Siavash and Nguyen, Nam and Warnow, Tandy},
    pages = {247--58},
    url = {http://www.ncbi.nlm.nih.gov/pubmed/22174280},
    issn = {17935091},
    pmid = {22174280},
    keywords = {metagenomic analysis, phylogenetic placement}
}

@article{epa,
    title = {{Performance, Accuracy, and Web Server for Evolutionary Placement of Short Sequence Reads under Maximum Likelihood}},
    year = {2011},
    journal = {Systematic Biology},
    author = {Berger, Simon A and {D.K.} and Stamatakis, Alexandros and Krompass, Denis},
    number = {3},
    month = {5},
    pages = {291--302},
    volume = {60},
    url = {http://sysbio.oxfordjournals.org/cgi/content/abstract/60/3/291 http://sysbio.oxfordjournals.org/content/60/3/291.abstract http://sysbio.oxfordjournals.org/content/60/3/291.full.pdf http://www.pubmedcentral.nih.gov/articlerender.fcgi?artid=3078422&tool=pmc},
    doi = {10.1093/sysbio/syr010},
    issn = {1076-836X},
    pmid = {21436105}
}

@article{Hebert2003,
    title = {{Biological identifications through DNA barcodes}},
    year = {2003},
    journal = {Proceedings of the Royal Society B: Biological Sciences},
    author = {Hebert, P. D. N. and Cywinska, A. and Ball, S. L. and deWaard, J. R.},
    number = {1512},
    pages = {313--321},
    volume = {270},
    url = {http://rspb.royalsocietypublishing.org/cgi/doi/10.1098/rspb.2002.2218},
    isbn = {0962-8452},
    doi = {10.1098/rspb.2002.2218},
    issn = {0962-8452},
    pmid = {12614582},
    arxivId = {arXiv:astro-ph/0005074v1},
    archivePrefix = {arXiv},
    eprint = {0005074v1},
    primaryClass = {astro-ph}
}

@misc{Coissac2016,
    title = {{From barcodes to genomes: Extending the concept of DNA barcoding}},
    year = {2016},
    booktitle = {Molecular Ecology},
    author = {Coissac, Eric and Hollingsworth, Peter M. and Lavergne, Sébastien and Taberlet, Pierre},
    number = {7},
    pages = {1423--1428},
    volume = {25},
    isbn = {0962-1083},
    doi = {10.1111/mec.13549},
    issn = {1365294X},
    pmid = {26821259},
    keywords = {DNA Barcoding, chloroplast DNA, genome skimming, mitochondrial DNA, next-generation DNA sequencing, ribosomal DNA}
}

@article{Quicke2012,
    title = {{Utility of the DNA barcoding gene fragment for parasitic wasp phylogeny (Hymenoptera: Ichneumonoidea): Data release and new measure of taxonomic congruence}},
    year = {2012},
    journal = {Molecular Ecology Resources},
    author = {Quicke, Donald L J and Alex Smith, M. and Janzen, Daniel H. and Hallwachs, Winnie and Fernandez-Triana, Jose and Laurenne, Nina M. and Zald??var-River??n, Alejandro and Shaw, Mark R. and Broad, Gavin R. and Klopfstein, Seraina and Shaw, Scott R. and Hrcek, Jan and Hebert, Paul D N and Miller, Scott E. and Rodriguez, Josephine J. and Whitfield, James B. and Sharkey, Michael J. and Sharanowski, Barbara J. and Jussila, Reijo and Gauld, Ian D. and Chesters, Douglas and Vogler, Alfried P.},
    number = {4},
    month = {7},
    pages = {676--685},
    volume = {12},
    url = {http://doi.wiley.com/10.1111/j.1755-0998.2012.03143.x},
    isbn = {1755-098X},
    doi = {10.1111/j.1755-0998.2012.03143.x},
    issn = {1755098X},
    pmid = {22487608},
    keywords = {Braconidae, Cytochrome oxidase 1, Ichneumonidae, Sampling density, Simpson dominance index, Taxonomic retention index}
}

@article{BOLD,
    title = {{BOLD : The Barcode of Life Data System (www.barcodinglife.org)}},
    year = {2007},
    journal = {Molecular Ecology Notes},
    author = {Ratnasingham, Sujeevan and Hebert, Paul D N},
    number = {April 2016},
    pages = {355--364},
    volume = {7},
    isbn = {1471-8286},
    doi = {10.1111/j.1471-8286.2006.01678.x},
    issn = {08927553},
    pmid = {18784790},
    arxivId = {arXiv:gr-qc/9809069v1},
    archivePrefix = {arXiv},
    eprint = {9809069v1},
    primaryClass = {gr-qc},
    keywords = {2006, coi, dna barcoding, gene sequence, informatics, received 30 july 2006, revision accepted 17 november, species identification, taxonomy}
}

@article{Hollingsworth2009,
    title = {{A DNA barcode for land plants}},
    year = {2009},
    journal = {Proceedings of the National Academy of Sciences},
    author = {Hollingsworth, P. M. and Forrest, Laura L. and Spouge, John L. and Hajibabaei, Mehrdad and Ratnasingham, Sujeevan and van der Bank, Michelle and Chase, Mark W. and Cowan, Robyn S. and Erickson, David L. and Fazekas, Aron J. and Graham, Sean W. and James, Karen E. and Kim, K.-J. and Kress, W. John and Schneider, Harald and van AlphenStahl, Jonathan and Barrett, Spencer C.H. and van den Berg, Cassio and Bogarin, Diego and Burgess, Kevin S. and Cameron, Kenneth M. and Carine, Mark and Chacon, Juliana and Clark, Alexandra and Clarkson, James J. and Conrad, Ferozah and Devey, Dion S. and Ford, Caroline S. and Hedderson, Terry A.J. and Hollingsworth, Michelle L. and Husband, Brian C. and Kelly, Laura J. and Kesanakurti, Prasad R. and Kim, J. S. and Kim, Y.-D. and Lahaye, Renaud and Lee, H.-L. and Long, David G. and Madrinan, Santiago and Maurin, Olivier and Meusnier, Isabelle and Newmaster, Steven G. and Park, C.-W. and Percy, Diana M. and Petersen, Gitte and Richardson, James E. and Salazar, Gerardo A. and Savolainen, Vincent and Seberg, Ole and Wilkinson, Michael J. and Yi, D.-K. and Little, Damon P.},
    number = {31},
    month = {8},
    pages = {12794--12797},
    volume = {106},
    url = {http://www.pnas.org/content/106/31/12794.full http://www.pnas.org/cgi/doi/10.1073/pnas.0905845106},
    isbn = {0027-8424},
    doi = {10.1073/pnas.0905845106},
    issn = {0027-8424},
    pmid = {19666622},
    keywords = {Automatic Data Processing, DNA, Plant, Plant: chemistry, Plants, Plants: classification, Plants: genetics, Ribulose-Bisphosphate Carboxylase, Ribulose-Bisphosphate Carboxylase: genetics}
}

@article{Hickerson2006a,
    title = {{DNA Barcoding Will Often Fail to Discover New Animal Species over Broad Parameter Space}},
    year = {2006},
    journal = {Systematic Biology},
    author = {Hickerson, Michael J. and Meyer, Christopher P. and Moritz, Craig and Hedin, Marshal},
    number = {5},
    month = {10},
    pages = {729--739},
    volume = {55},
    url = {http://academic.oup.com/sysbio/article/55/5/729/1663614/DNA-Barcoding-Will-Often-Fail-to-Discover-New},
    isbn = {1063-5157},
    doi = {10.1080/10635150600969898},
    issn = {1076-836X},
    pmid = {17060195},
    keywords = {Allopatric, Bateson-Dobzhansky-Muller, DNA barcode, Peripatric, Reciprocal monophyly}
}

@article{Clarke2014,
    title = {{Environmental metabarcodes for insects: In silico PCR reveals potential for taxonomic bias}},
    year = {2014},
    journal = {Molecular Ecology Resources},
    author = {Clarke, Laurence J. and Soubrier, Julien and Weyrich, Laura S. and Cooper, Alan},
    number = {6},
    pages = {1160--1170},
    volume = {14},
    isbn = {1755-0998},
    doi = {10.1111/1755-0998.12265},
    issn = {17550998},
    pmid = {24751203},
    keywords = {Environmental DNA, Insect, Metabarcoding, PCR bias}
}

@incollection{Mai2017a,
    title = {{TreeShrink: Efficient Detection of Outlier Tree Leaves}},
    year = {2017},
    booktitle = {Lecture Notes in Computer Science (including subseries Lecture Notes in Artificial Intelligence and Lecture Notes in Bioinformatics)},
    author = {Mai, Uyen and Mirarab, Siavash},
    pages = {116--140},
    volume = {10562 LNBI},
    url = {http://link.springer.com/10.1007/978-3-319-67979-2_7},
    isbn = {9783319679785},
    doi = {10.1007/978-3-319-67979-2{\_}7},
    issn = {16113349},
    keywords = {Gene tree discordance, Rogue taxon removal, Tree diameter}
}

@article{Hickerson2006,
    title = {{DNA Barcoding Will Often Fail to Discover New Animal Species over Broad Parameter Space}},
    year = {2006},
    journal = {Systematic Biology},
    author = {Hickerson, Michael J. and Meyer, Christopher P. and Moritz, Craig and Hedin, Marshal},
    number = {5},
    month = {10},
    pages = {729--739},
    volume = {55},
    url = {http://academic.oup.com/sysbio/article/55/5/729/1663614/DNA-Barcoding-Will-Often-Fail-to-Discover-New},
    isbn = {1063-5157},
    doi = {10.1080/10635150600969898},
    issn = {1076-836X},
    pmid = {17060195},
    keywords = {Allopatric, Bateson-Dobzhansky-Muller, DNA barcode, Peripatric, Reciprocal monophyly}
}

@article{Besnard2014,
    title = {{From museums to genomics: Old herbarium specimens shed light on a C3 to C4 transition}},
    year = {2014},
    journal = {Journal of Experimental Botany},
    author = {Besnard, Guillaume and Christin, Pascal Antoine and Mal{\'{e}}, Pierre Jean G and Lhuillier, Emeline and Lauzeral, Christine and Coissac, Eric and Vorontsova, Maria S.},
    number = {22},
    pages = {6711--6721},
    volume = {65},
    isbn = {0022-0957},
    doi = {10.1093/jxb/eru395},
    issn = {14602431},
    pmid = {25258360},
    keywords = {Aristidoideae, Madagascar, NGS, Poaceae, Sartidia, Stipagrostis, herbarium, plastid genome, ribosomal DNA, single-copy genes}
}

@article{Pons2006,
    title = {{Sequence-based species delimitation for the DNA taxonomy of undescribed insects}},
    year = {2006},
    journal = {Systematic Biology},
    author = {Pons, Joan and Barraclough, Timothy G. and Gomez-Zurita, Jesus and Cardoso, Anabela and Duran, Daniel P. and Hazell, Steaphan and Kamoun, Sophien and Sumlin, William D. and Vogler, Alfried P.},
    number = {4},
    pages = {595--609},
    volume = {55},
    isbn = {1063-5157},
    doi = {10.1080/10635150600852011},
    issn = {10635157},
    pmid = {16967577},
    keywords = {Australia, Cicindelidae, Coalescence, Paleoclimate, Phylogenetic species concept, mtDNA}
}

@article{Taylor2017,
    title = {{Systematics of Himerometra (Echinodermata: Crinoidea: Himerometridae) based on morphology and molecular data}},
    year = {2017},
    journal = {Zoological Journal of the Linnean Society},
    author = {Taylor, Kristian H and Rouse, Greg W and Messing, Charles G},
    number = {2},
    month = {10},
    pages = {342--356},
    volume = {181},
    url = {http://dx.doi.org/10.1093/zoolinnean/zlx009},
    issn = {0024-4082}
}

@article{Hedin2001,
    title = {{A Combined Molecular Approach to Phylogeny of the Jumping Spider Subfamily Dendryphantinae (Araneae: Salticidae)}},
    year = {2001},
    journal = {Molecular Phylogenetics and Evolution},
    author = {Hedin, Marshal C. and Maddison, Wayne P.},
    number = {3},
    month = {3},
    pages = {386--403},
    volume = {18},
    url = {http://linkinghub.elsevier.com/retrieve/pii/S1055790300908832},
    isbn = {1055-7903},
    doi = {10.1006/mpev.2000.0883},
    issn = {10557903},
    pmid = {11277632}
}

@article{Helgen2006,
    title = {{Species delimitation and distribution in Aporometra (Crinoidea:Echinodermata): endemic Australian featherstars}},
    year = {2006},
    journal = {Invertebrate Systematics},
    author = {Helgen, Lauren E and Rouse, Greg W},
    number = {3},
    pages = {395--414},
    volume = {20},
    url = {https://doi.org/10.1071/IS05050}
}

@article{Zhang2017,
    title = {{A new species of Ophryotrocha (Annelida, Eunicida, Dorvilleidae) from hydrothermal vents on the Southwest Indian Ridge}},
    year = {2017},
    journal = {ZooKeys},
    author = {Zhang, Dong-sheng and Zhou, Ya-dong and Wang, Chun-sheng and Rouse, Greg},
    month = {8},
    pages = {1--9},
    volume = {687},
    url = {https://zookeys.pensoft.net/articles.php?id=13046},
    doi = {10.3897/zookeys.687.13046},
    issn = {1313-2970}
}

@article{Hickerson2006b,
    title = {{DNA Barcoding Will Often Fail to Discover New Animal Species over Broad Parameter Space}},
    year = {2006},
    journal = {Systematic Biology},
    author = {Hickerson, Michael J. and Meyer, Christopher P. and Moritz, Craig and Hedin, Marshal},
    number = {5},
    month = {10},
    pages = {729--739},
    volume = {55},
    url = {http://academic.oup.com/sysbio/article/55/5/729/1663614/DNA-Barcoding-Will-Often-Fail-to-Discover-New},
    isbn = {1063-5157},
    doi = {10.1080/10635150600969898},
    issn = {1076-836X},
    pmid = {17060195},
    keywords = {Allopatric, Bateson-Dobzhansky-Muller, DNA barcode, Peripatric, Reciprocal monophyly}
}

@article{Felsenstein2003,
    title = {{Inferring phytogenies}},
    year = {2003},
    journal = {Sunderland},
    author = {Felsenstein, Joseph}
}

@article{Vinga2003,
    title = {{Alignment-free sequence comparison--a review}},
    year = {2003},
    journal = {Bioinformatics},
    author = {Vinga, Susana and Almeida, Jonas},
    number = {4},
    month = {3},
    pages = {513--523},
    volume = {19},
    url = {http://www.ncbi.nlm.nih.gov/pubmed/12611807 https://academic.oup.com/bioinformatics/article-lookup/doi/10.1093/bioinformatics/btg005},
    isbn = {1367-4803},
    doi = {10.1093/bioinformatics/btg005},
    issn = {1367-4803},
    pmid = {12611807}
}

@article{Thorne1992,
    title = {{Freeing phylogenies from artifacts of alignment.}},
    year = {1992},
    journal = {Molecular biology and evolution},
    author = {Thorne, J L and Kishino, H},
    number = {6},
    month = {11},
    pages = {1148--62},
    volume = {9},
    url = {http://www.ncbi.nlm.nih.gov/pubmed/1435239},
    isbn = {0737-4038},
    issn = {0737-4038},
    pmid = {1435239},
    keywords = {Base Sequence, DNA, DNA: methods, Genes, Plant, Likelihood Functions, Molecular Sequence Data, Phylogeny, Plant, Ribulose-Bisphosphate Carboxylase, Ribulose-Bisphosphate Carboxylase: genetics, Sequence Alignment, Sequence Alignment: methods, Sequence Analysis, DNA, Sequence Analysis, DNA: methods}
}

@article{Fan2011,
    title = {{An assembly and alignment-free method of phylogeny reconstruction from next-generation sequencing data}},
    year = {2015},
    journal = {BMC Genomics},
    author = {Fan, Huan and Ives, Anthony R and Surget-Groba, Yann and Cannon, Charles H},
    number = {1},
    month = {12},
    pages = {522},
    volume = {16},
    url = {http://download.springer.com/static/pdf/431/art%253A10.1186%252Fs12864-015-1647-5.pdf?originUrl=http%3A%2F%2Fbmcgenomics.biomedcentral.com%2Farticle%2F10.1186%2Fs12864-015-1647-5&token2=exp=1492032740~acl=%2Fstatic%2Fpdf%2F431%2Fart%25253A10.1186%25252Fs1},
    doi = {10.1186/s12864-015-1647-5},
    issn = {1471-2164},
    keywords = {Alignment-free, Assembly-free Background, Homoplasy, Phylogenomics, k-mers}
}

@article{tipp,
    title = {{TIPP: taxonomic identification and phylogenetic profiling}},
    year = {2014},
    journal = {Bioinformatics},
    author = {Nguyen, Nam-phuong and Mirarab, Siavash and Liu, Bo and Pop, Mihai and Warnow, Tandy},
    number = {24},
    month = {12},
    pages = {3548--3555},
    volume = {30},
    url = {http://bioinformatics.oxfordjournals.org/cgi/doi/10.1093/bioinformatics/btu721 https://academic.oup.com/bioinformatics/article-lookup/doi/10.1093/bioinformatics/btu721},
    doi = {10.1093/bioinformatics/btu721},
    issn = {1460-2059}
}

@article{Hohl2007,
    title = {{Is multiple-sequence alignment required for accurate inference of phylogeny?}},
    year = {2007},
    journal = {Systematic Biology},
    author = {H{\"{o}}hl, Michael and Ragan, Mark A.},
    number = {2},
    pages = {206--221},
    volume = {56},
    isbn = {1063-5157 (Print){\textbackslash}n1063-5157 (Linking)},
    doi = {10.1080/10635150701294741},
    issn = {10635157},
    pmid = {17454975},
    keywords = {Alignment-free methods, Bayesian, Distance estimation, Phylogenetics, Tree reconstruction}
}

@article{Daskalakis2013,
    title = {{Alignment-free phylogenetic reconstruction: Sample complexity via a branching process analysis}},
    year = {2013},
    journal = {Annals of Applied Probability},
    author = {Daskalakis, Constantinos and Roch, Sebastien},
    number = {2},
    pages = {693--721},
    volume = {23},
    doi = {10.1214/12-AAP852},
    issn = {10505164},
    arxivId = {arXiv:1109.5002v2},
    keywords = {Alignment, Branching processes, Phylogenetic reconstruction}
}

@article{jellyfish,
    title = {{A fast, lock-free approach for efficient parallel counting of occurrences of k-mers}},
    year = {2011},
    journal = {Bioinformatics},
    author = {Mar{\c{c}}ais, Guillaume and Kingsford, Carl},
    number = {6},
    month = {3},
    pages = {764--770},
    volume = {27},
    publisher = {MIT, Cambridge, MA},
    url = {https://academic.oup.com/bioinformatics/article-lookup/doi/10.1093/bioinformatics/btr011},
    doi = {10.1093/bioinformatics/btr011},
    issn = {1460-2059}
}

@article{gtr,
    title = {{Some Probabilistic and Statistical Problems in the Analysis of DNA Sequences}},
    year = {1986},
    journal = {Lectures on Mathematics in the Life Sciences},
    author = {Tavar{\'{e}}, Simon},
    pages = {57--86},
    volume = {17},
    isbn = {0821811673}
}

@incollection{JC,
    title = {{Evolution of protein molecules}},
    year = {1969},
    booktitle = {In Mammalian protein metabolism, Vol. III (1969), pp. 21-132},
    author = {Jukes, T H and Cantor, C R},
    pages = {21--132},
    volume = {III},
    url = {http://www.citeulike.org/group/1390/article/768582}
}

@article{Liu2013,
    title = {{SOAP Barcode: revealing arthropod biodiversity through assembly of Illumina shotgun sequences of PCR amplicons}},
    year = {2013},
    journal = {Methods in Ecology and Evolution},
    author = {Liu, Shanlin and Li, Yiyuan and Lu, Jianliang and Su, Xu and Tang, Min and Zhang, Rui and Zhou, Lili and Zhou, Chengran and Yang, Qing and Ji, Yinqiu and Yu, Douglas W. and Zhou, Xin},
    editor = {Orme, David},
    number = {12},
    month = {12},
    pages = {1142--1150},
    volume = {4},
    url = {http://doi.wiley.com/10.1111/2041-210X.12120},
    isbn = {2041210X},
    doi = {10.1111/2041-210X.12120},
    issn = {2041210X},
    keywords = {High-throughput sequencing, Metabarcoding, Next-generation-sequencing, Operational taxonomic units, Species richness, Standard barcode, phylogenetic diversity}
}

@article{Schoch2012,
    title = {{Nuclear ribosomal internal transcribed spacer (ITS) region as a universal DNA barcode marker for Fungi}},
    year = {2012},
    journal = {Proceedings of the National Academy of Sciences},
    author = {Schoch, C. L. and Seifert, K. A. and Huhndorf, S. and Robert, V. and Spouge, J. L. and Levesque, C. A. and Chen, W. and Bolchacova, E. and Voigt, K. and Crous, P. W. and Miller, A. N. and Wingfield, M. J. and Aime, M. C. and An, K.-D. and Bai, F.-Y. and Barreto, R. W. and Begerow, D. and Bergeron, M.-J. and Blackwell, M. and Boekhout, T. and Bogale, M. and Boonyuen, N. and Burgaz, A. R. and Buyck, B. and Cai, L. and Cai, Q. and Cardinali, G. and Chaverri, P. and Coppins, B. J. and Crespo, A. and Cubas, P. and Cummings, C. and Damm, U. and de Beer, Z. W. and de Hoog, G. S. and Del-Prado, R. and Dentinger, B. and Dieguez-Uribeondo, J. and Divakar, P. K. and Douglas, B. and Duenas, M. and Duong, T. A. and Eberhardt, U. and Edwards, J. E. and Elshahed, M. S. and Fliegerova, K. and Furtado, M. and Garcia, M. A. and Ge, Z.-W. and Griffith, G. W. and Griffiths, K. and Groenewald, J. Z. and Groenewald, M. and Grube, M. and Gryzenhout, M. and Guo, L.-D. and Hagen, F. and Hambleton, S. and Hamelin, R. C. and Hansen, K. and Harrold, P. and Heller, G. and Herrera, C. and Hirayama, K. and Hirooka, Y. and Ho, H.-M. and Hoffmann, K. and Hofstetter, V. and Hognabba, F. and Hollingsworth, P. M. and Hong, S.-B. and Hosaka, K. and Houbraken, J. and Hughes, K. and Huhtinen, S. and Hyde, K. D. and James, T. and Johnson, E. M. and Johnson, J. E. and Johnston, P. R. and Jones, E. B. G. and Kelly, L. J. and Kirk, P. M. and Knapp, D. G. and Koljalg, U. and Kovacs, G. M. and Kurtzman, C. P. and Landvik, S. and Leavitt, S. D. and Liggenstoffer, A. S. and Liimatainen, K. and Lombard, L. and Luangsa-ard, J. J. and Lumbsch, H. T. and Maganti, H. and Maharachchikumbura, S. S. N. and Martin, M. P. and May, T. W. and McTaggart, A. R. and Methven, A. S. and Meyer, W. and Moncalvo, J.-M. and Mongkolsamrit, S. and Nagy, L. G. and Nilsson, R. H. and Niskanen, T. and Nyilasi, I. and Okada, G. and Okane, I. and Olariaga, I. and Otte, J. and Papp, T. and Park, D. and Petkovits, T. and Pino-Bodas, R. and Quaedvlieg, W. and Raja, H. A. and Redecker, D. and Rintoul, T. L. and Ruibal, C. and Sarmiento-Ramirez, J. M. and Schmitt, I. and Schussler, A. and Shearer, C. and Sotome, K. and Stefani, F. O. P. and Stenroos, S. and Stielow, B. and Stockinger, H. and Suetrong, S. and Suh, S.-O. and Sung, G.-H. and Suzuki, M. and Tanaka, K. and Tedersoo, L. and Telleria, M. T. and Tretter, E. and Untereiner, W. A. and Urbina, H. and Vagvolgyi, C. and Vialle, A. and Vu, T. D. and Walther, G. and Wang, Q.-M. and Wang, Y. and Weir, B. S. and Weiss, M. and White, M. M. and Xu, J. and Yahr, R. and Yang, Z. L. and Yurkov, A. and Zamora, J.-C. and Zhang, N. and Zhuang, W.-Y. and Schindel, D.},
    number = {16},
    month = {4},
    pages = {6241--6246},
    volume = {109},
    url = {http://www.pnas.org/cgi/doi/10.1073/pnas.1117018109},
    isbn = {0027-8424},
    doi = {10.1073/pnas.1117018109},
    issn = {0027-8424},
    pmid = {22454494},
    arxivId = {arXiv:1408.1149}
}

@article{Taberlet2012,
    title = {{Towards next-generation biodiversity assessment using DNA metabarcoding}},
    year = {2012},
    journal = {Molecular Ecology},
    author = {TABERLET, PIERRE and COISSAC, ERIC and POMPANON, FRANÇOIS and BROCHMANN, CHRISTIAN and WILLERSLEV, ESKE},
    number = {8},
    month = {4},
    pages = {2045--2050},
    volume = {21},
    url = {http://doi.wiley.com/10.1111/j.1365-294X.2012.05470.x},
    isbn = {1365-294X},
    doi = {10.1111/j.1365-294X.2012.05470.x},
    issn = {09621083},
    pmid = {22486824},
    keywords = {DNA-based species identification, capture probes, next-generation DNA sequencing}
}

@article{Fofanov2004,
    title = {{How independent are the appearances of n-mers in different genomes?}},
    year = {2004},
    journal = {Bioinformatics},
    author = {Fofanov, Y. and Luo, Y. and Katili, C. and Wang, J. and Belosludtsev, Y. and Powdrill, T. and Belapurkar, C. and Fofanov, V. and Li, T.-B. and Chumakov, S. and Pettitt, B. M.},
    number = {15},
    month = {10},
    pages = {2421--2428},
    volume = {20},
    publisher = {Oxford University Press},
    url = {https://academic.oup.com/bioinformatics/article-lookup/doi/10.1093/bioinformatics/bth266},
    doi = {10.1093/bioinformatics/bth266},
    issn = {1367-4803}
}

@article{Blaisdell1986,
    title = {{A measure of the similarity of sets of sequences not requiring sequence alignment.}},
    year = {1986},
    journal = {Proceedings of the National Academy of Sciences of the United States of America},
    author = {Blaisdell, B E},
    number = {14},
    month = {7},
    pages = {5155--9},
    volume = {83},
    url = {http://www.ncbi.nlm.nih.gov/pubmed/3460087 http://www.pubmedcentral.nih.gov/articlerender.fcgi?artid=PMC323909},
    issn = {0027-8424},
    pmid = {3460087}
}

@article{Yang2008,
    title = {{Performance comparison between k-tuple distance and four model-based distances in phylogenetic tree reconstruction}},
    year = {2008},
    journal = {Nucleic Acids Research},
    author = {Yang, K. and Zhang, L.},
    number = {5},
    month = {1},
    pages = {e33-e33},
    volume = {36},
    url = {http://www.ncbi.nlm.nih.gov/pubmed/18296485 http://www.pubmedcentral.nih.gov/articlerender.fcgi?artid=PMC2275138 https://academic.oup.com/nar/article-lookup/doi/10.1093/nar/gkn075},
    doi = {10.1093/nar/gkn075},
    issn = {0305-1048},
    pmid = {18296485}
}

@article{Reinert2009,
    title = {{Alignment-free sequence comparison (I): statistics and power.}},
    year = {2009},
    journal = {Journal of computational biology : a journal of computational molecular cell biology},
    author = {Reinert, Gesine and Chew, David and Sun, Fengzhu and Waterman, Michael S},
    number = {12},
    month = {12},
    pages = {1615--34},
    volume = {16},
    publisher = {Mary Ann Liebert, Inc.},
    url = {http://www.ncbi.nlm.nih.gov/pubmed/20001252 http://www.pubmedcentral.nih.gov/articlerender.fcgi?artid=PMC2818754},
    doi = {10.1089/cmb.2009.0198},
    issn = {1557-8666},
    pmid = {20001252}
}

@article{Domazet2011,
    title = {{Alignment-free detection of local similarity among viral and bacterial genomes}},
    year = {2011},
    journal = {Bioinformatics},
    author = {Domazet-Lo{\v{s}}o, Mirjana and Haubold, Bernhard},
    number = {11},
    month = {6},
    pages = {1466--1472},
    volume = {27},
    publisher = {Oxford University Press},
    url = {https://academic.oup.com/bioinformatics/article-lookup/doi/10.1093/bioinformatics/btr176},
    doi = {10.1093/bioinformatics/btr176},
    issn = {1460-2059}
}

@article{Haubold2014,
    title = {{Alignment-free phylogenetics and population genetics}},
    year = {2014},
    journal = {Briefings in Bioinformatics},
    author = {Haubold, B.},
    number = {3},
    month = {5},
    pages = {407--418},
    volume = {15},
    url = {http://www.ncbi.nlm.nih.gov/pubmed/24291823 https://academic.oup.com/bib/article-lookup/doi/10.1093/bib/bbt083},
    doi = {10.1093/bib/bbt083},
    issn = {1467-5463},
    pmid = {24291823},
    keywords = {match length, mutation distance, phylogenetics, population genetics, suffix tree}
}

@article{Ulitsky2006,
    title = {{The Average Common Substring Approach to Phylogenomic Reconstruction}},
    year = {2006},
    journal = {Journal of Computational Biology},
    author = {Ulitsky, Igor and Burstein, David and Tuller, Tamir and Chor, Benny},
    number = {2},
    month = {3},
    pages = {336--350},
    volume = {13},
    url = {http://www.ncbi.nlm.nih.gov/pubmed/16597244 http://www.liebertonline.com/doi/abs/10.1089/cmb.2006.13.336},
    doi = {10.1089/cmb.2006.13.336},
    issn = {1066-5277},
    pmid = {16597244}
}

@article{Baker2012,
    title = {{De novo genome assembly: what every biologist should know}},
    year = {2012},
    journal = {Nature Methods},
    author = {Baker, Monya},
    number = {4},
    month = {3},
    pages = {333--337},
    volume = {9},
    publisher = {Nature Research},
    url = {http://www.nature.com/doifinder/10.1038/nmeth.1935},
    doi = {10.1038/nmeth.1935},
    issn = {1548-7091}
}

@article{Song2013,
    title = {{Alignment-Free Sequence Comparison Based on Next-Generation Sequencing Reads}},
    year = {2013},
    journal = {Journal of Computational Biology},
    author = {Song, Kai and Ren, Jie and Zhai, Zhiyuan and Liu, Xuemei and Deng, Minghua and Sun, Fengzhu},
    number = {2},
    month = {2},
    pages = {64--79},
    volume = {20},
    url = {http://www.ncbi.nlm.nih.gov/pubmed/23383994 http://www.pubmedcentral.nih.gov/articlerender.fcgi?artid=PMC3581251 http://online.liebertpub.com/doi/abs/10.1089/cmb.2012.0228},
    doi = {10.1089/cmb.2012.0228},
    issn = {1066-5277},
    pmid = {23383994}
}

@article{Roychowdhury2013,
    title = {{Next-Generation Anchor Based Phylogeny (NexABP): Constructing phylogeny from Next-generation sequencing data}},
    year = {2013},
    journal = {Scientific Reports},
    author = {Roychowdhury, Tanmoy and Vishnoi, Anchal and Bhattacharya, Alok},
    number = {1},
    month = {12},
    pages = {2634},
    volume = {3},
    url = {http://www.ncbi.nlm.nih.gov/pubmed/24022334 http://www.pubmedcentral.nih.gov/articlerender.fcgi?artid=PMC3769656 http://www.nature.com/articles/srep02634},
    doi = {10.1038/srep02634},
    issn = {2045-2322},
    pmid = {24022334}
}

@article{Yi2013,
    title = {{Co-phylog: an assembly-free phylogenomic approach for closely related organisms}},
    year = {2013},
    journal = {Nucleic Acids Research},
    author = {Yi, Huiguang and Jin, Li},
    number = {7},
    month = {4},
    pages = {e75-e75},
    volume = {41},
    url = {http://www.ncbi.nlm.nih.gov/pubmed/23335788 http://www.pubmedcentral.nih.gov/articlerender.fcgi?artid=PMC3627563 https://academic.oup.com/nar/article-lookup/doi/10.1093/nar/gkt003},
    doi = {10.1093/nar/gkt003},
    issn = {1362-4962},
    pmid = {23335788}
}

@article{Qi2004,
    title = {{CVTree: a phylogenetic tree reconstruction tool based on whole genomes}},
    year = {2004},
    journal = {Nucleic Acids Research},
    author = {Qi, J. and Luo, H. and Hao, B.},
    number = {Web Server},
    month = {7},
    pages = {W45-W47},
    volume = {32},
    url = {http://www.ncbi.nlm.nih.gov/pubmed/15215347 http://www.pubmedcentral.nih.gov/articlerender.fcgi?artid=PMC441500 https://academic.oup.com/nar/article-lookup/doi/10.1093/nar/gkh362},
    doi = {10.1093/nar/gkh362},
    issn = {0305-1048},
    pmid = {15215347}
}

@article{Dai2008,
    title = {{Markov model plus k-word distributions: a synergy that produces novel statistical measures for sequence comparison}},
    year = {2008},
    journal = {Bioinformatics},
    author = {Dai, Qi and Yang, Yanchun and Wang, Tianming},
    number = {20},
    month = {10},
    pages = {2296--2302},
    volume = {24},
    url = {http://www.ncbi.nlm.nih.gov/pubmed/18710871 https://academic.oup.com/bioinformatics/article-lookup/doi/10.1093/bioinformatics/btn436},
    doi = {10.1093/bioinformatics/btn436},
    issn = {1460-2059},
    pmid = {18710871}
}

@article{RichardsBestGenome,
    title = {{Best Practices in Insect Genome Sequencing: What Works and What Doesn't Sanger Beginnings: The First Insect Genome}},
    author = {Richards, Stephen and Murali, Shwetha C},
    url = {https://www.ncbi.nlm.nih.gov/pmc/articles/PMC4465116/pdf/nihms676074.pdf},
    doi = {10.1016/j.cois.2015.02.013}
}