@Article{Turner2017,
   Author="Turner, K. M.  and Deshpande, V.  and Beyter, D.  and Koga, T.  and Rusert, J.  and Lee, C.  and Li, B.  and Arden, K.  and Ren, B.  and Nathanson, D. A.  and Kornblum, H. I.  and Taylor, M. D.  and Kaushal, S.  and Cavenee, W. K.  and Wechsler-Reya, R.  and Furnari, F. B.  and Vandenberg, S. R.  and Rao, P. N.  and Wahl, G. M.  and Bafna, V.  and Mischel, P. S. ",
   Title="{{E}xtrachromosomal oncogene amplification drives tumour evolution and genetic heterogeneity}",
   Journal="Nature",
   Year="2017",
   Volume="543",
   Number="7643",
   Pages="122--125",
   Month="03"
}


% 29078313 
@Article{Chu2017,
   Author="Chu, W. K.  and Edge, P.  and Lee, H. S.  and Bansal, V.  and Bafna, V.  and Huang, X.  and Zhang, K. ",
   Title="{{U}ltraaccurate genome sequencing and haplotyping of single human cells}",
   Journal="Proc. Natl. Acad. Sci. U.S.A.",
   Year="2017",
   Month="Oct"
}



% 29029226 
@Article{Stobdan2017,
   Author="Stobdan, T.  and Akbari, A.  and Azad, P.  and Zhou, D.  and Poulsen, O.  and Appenzeller, O.  and Gonzales, G. F.  and Telenti, A.  and Wong, E. H. M.  and Saini, S.  and Kirkness, E. F.  and Venter, J. C.  and Bafna, V.  and Haddad, G. G. ",
   Title="{{N}ew insights into the genetic basis of {M}onge's disease and adaptation to high-altitude}",
   Journal="Mol. Biol. Evol.",
   Year="2017",
   Month="Sep"
}

% 28951950 
@Article{Azad2017,
   Author="Azad, P.  and Stobdan, T.  and Zhou, D.  and Hartley, I.  and Akbari, A.  and Bafna, V.  and Haddad, G. G. ",
   Title="{{H}igh-altitude adaptation in humans: from genomics to integrative physiology}",
   Journal="J. Mol. Med.",
   Year="2017",
   Month="Sep"
}

% 28396506 
@Article{Iranmehr2017,
   Author="Iranmehr, A.  and Akbari, A.  and Schlotterer, C.  and Bafna, V. ",
   Title="{{C}lear: {C}omposition of {L}ikelihoods for {E}volve and {R}esequence {E}xperiments}",
   Journal="Genetics",
   Year="2017",
   Volume="206",
   Number="2",
   Pages="1011--1023",
   Month="Jun"
}


% 27940952 
@Article{Edge2017,
   Author="Edge, P.  and Bafna, V.  and Bansal, V. ",
   Title="{{H}ap{C}{U}{T}2: robust and accurate haplotype assembly for diverse sequencing technologies}",
   Journal="Genome Res.",
   Year="2017",
   Volume="27",
   Number="5",
   Pages="801--812",
   Month="May"
}

% 27902698 
@Article{Ronen2016,
   Author="Ronen, R.  and Tesler, G.  and Akbari, A.  and Zakov, S.  and Rosenberg, N. A.  and Bafna, V. ",
   Title="{{C}orrection: {P}redicting {C}arriers of {O}ngoing {S}elective {S}weeps without {K}nowledge of the {F}avored {A}llele}",
   Journal="PLoS Genet.",
   Year="2016",
   Volume="12",
   Number="11",
   Pages="e1006472",
   Month="Nov"
}

% 27821551 
@Article{Azad2016,
   Author="Azad, P.  and Zhao, H. W.  and Cabrales, P. J.  and Ronen, R.  and Zhou, D.  and Poulsen, O.  and Appenzeller, O.  and Hsiao, Y. H.  and Bafna, V.  and Haddad, G. G. ",
   Title="{{S}enp1 drives hypoxia-induced polycythemia via {G}{A}{T}{A}1 and {B}cl-x{L} in subjects with {M}onge's disease}",
   Journal="J. Exp. Med.",
   Year="2016",
   Volume="213",
   Number="12",
   Pages="2729--2744",
   Month="Nov"
}

% 26240367 
@Article{Stobdan2015,
   Author="Stobdan, T.  and Zhou, D.  and Ao-Ieong, E.  and Ortiz, D.  and Ronen, R.  and Hartley, I.  and Gan, Z.  and McCulloch, A. D.  and Bafna, V.  and Cabrales, P.  and Haddad, G. G. ",
   Title="{{E}ndothelin receptor {B}, a candidate gene from human studies at high altitude, improves cardiac tolerance to hypoxia in genetically engineered heterozygote mice}",
   Journal="Proc. Natl. Acad. Sci. U.S.A.",
   Year="2015",
   Volume="112",
   Number="33",
   Pages="10425--10430",
   Month="Aug"
}



@Article{Patel2016,
   Author="Patel, A.  and Edge, P.  and Selvaraj, S.  and Bansal, V.  and Bafna, V. ",
   Title="{{I}n{P}ha{D}el: integrative shotgun and proximity-ligation sequencing to phase deletions with single nucleotide polymorphisms}",
   Journal="Nucleic Acids Res.",
   Year="2016",
   Pages=" ",
   Month="Apr"
}

% 26896141 
@Article{Beyter2016,
   Author="Beyter, D.  and Tang, P. Z.  and Becker, S.  and Hoang, T.  and Bilgin, D.  and Lim, Y. W.  and Peterson, T. C.  and Mayfield, S.  and Haerizadeh, F.  and Shurin, J. B.  and Bafna, V.  and McBride, R. ",
   Title="{{D}iversity, {P}roductivity, and {S}tability of an {I}ndustrial {M}icrobial {E}cosystem}",
   Journal="Appl. Environ. Microbiol.",
   Year="2016",
   Volume="82",
   Number="8",
   Pages="2494--2505",
   Month="Apr"
}

% 26719854 
@Article{Flannery2015,
   Author="Flannery, E. L.  and Wang, T.  and Akbari, A.  and Corey, V. C.  and Gunawan, F.  and Bright, A. T.  and Abraham, M.  and Sanchez, J. F.  and Santolalla, M. L.  and Baldeviano, G. C.  and Edgel, K. A.  and Rosales, L. A.  and Lescano, A. G.  and Bafna, V.  and Vinetz, J. M.  and Winzeler, E. A. ",
   Title="{{N}ext-{G}eneration {S}equencing of {P}lasmodium vivax {P}atient {S}amples {S}hows {E}vidence of {D}irect {E}volution in {D}rug-{R}esistance {G}enes}",
   Journal="ACS Infect Dis",
   Year="2015",
   Volume="1",
   Number="8",
   Pages="367--379",
   Month="Aug"
}

% 26402243 
@Article{Ronen2015,
   Author="Ronen, R.  and Tesler, G.  and Akbari, A.  and Zakov, S.  and Rosenberg, N. A.  and Bafna, V. ",
   Title="{{P}redicting {C}arriers of {O}ngoing {S}elective {S}weeps without {K}nowledge of the {F}avored {A}llele}",
   Journal="PLoS Genet.",
   Year="2015",
   Volume="11",
   Number="9",
   Pages="e1005527",
   Month="Sep"
}


% 26020441 
@Article{Zakov2015,
   Author="Zakov, S.  and Bafna, V. ",
   Title="{{R}econstructing breakage fusion bridge architectures using noisy copy numbers}",
   Journal="J. Comput. Biol.",
   Year="2015",
   Volume="22",
   Number="6",
   Pages="577--594",
   Month="Jun"
}


% 25371374 
@Article{Chen2015,
   Author="Chen, H. S.  and Hutter, C. M.  and Mechanic, L. E.  and Amos, C. I.  and Bafna, V.  and Hauser, E. R.  and Hernandez, R. D.  and Li, C.  and Liberles, D. A.  and McAllister, K.  and Moore, J. H.  and Paltoo, D. N.  and Papanicolaou, G. J.  and Peng, B.  and Ritchie, M. D.  and Rosenfeld, G.  and Witte, J. S.  and Gillanders, E. M.  and Feuer, E. J. ",
   Title="{{G}enetic simulation tools for post-genome wide association studies of complex diseases}",
   Journal="Genet. Epidemiol.",
   Year="2015",
   Volume="39",
   Number="1",
   Pages="11--19",
   Month="Jan"
}


% 25362634 
@Article{Ronen2014,
   Author="Ronen, R.  and Zhou, D.  and Bafna, V.  and Haddad, G. G. ",
   Title="{{T}he genetic basis of chronic mountain sickness}",
   Journal="Physiology (Bethesda)",
   Year="2014",
   Volume="29",
   Number="6",
   Pages="403--412",
   Month="Nov"
}




% 24939897 
@Article{Kinsella2014,
   Author="Kinsella, M.  and Patel, A.  and Bafna, V. ",
   Title="{{T}he elusive evidence for chromothripsis}",
   Journal="Nucleic Acids Res.",
   Year="2014",
   Pages=" ",
   Month="Jun"
}

% 24932003 
@Article{Kramer2014,
   Author="Kramer, M.  and Dutkowski, J.  and Yu, M.  and Bafna, V.  and Ideker, T. ",
   Title="{{I}nferring gene ontologies from pairwise similarity data}",
   Journal="Bioinformatics",
   Year="2014",
   Volume="30",
   Number="12",
   Pages="i34-i42",
   Month="Jun"
}



% 24555826 
@Article{Udpa2014,
   Author="Udpa, N.  and Ronen, R.  and Zhou, D.  and Liang, J.  and Stobdan, T.  and Appenzeller, O.  and Yin, Y.  and Du, Y.  and Guo, L.  and Cao, R.  and Wang, Y.  and Jin, X.  and Huang, C.  and Jia, W.  and Cao, D.  and Guo, G.  and Claydon, V. E.  and Hainsworth, R.  and Gamboa, J. L.  and Zibenigus, M.  and Zenebe, G.  and Xue, J.  and Liu, S.  and Frazer, K. A.  and Li, Y.  and Bafna, V.  and Haddad, G. G. ",
   Title="{{W}hole genome sequencing of {E}thiopian highlanders reveals conserved hypoxia tolerance genes}",
   Journal="Genome Biol.",
   Year="2014",
   Volume="15",
   Number="2",
   Pages="R36",
   Month="Feb"
}



% 24307551 
@Article{Patel2014,
   Author="Patel, A.  and Schwab, R.  and Liu, Y. T.  and Bafna, V. ",
   Title="{{A}mplification and thrifty single-molecule sequencing of recurrent somatic structural variations}",
   Journal="Genome Res.",
   Year="2014",
   Pages=" ",
   Month="Jan"
}


% 24028704 
@Article{Lo2013b,
   Author="Lo, C.  and Liu, R.  and Lee, J.  and Robasky, K.  and Byrne, S.  and Lucchesi, C.  and Aach, J.  and Church, G.  and Bafna, V.  and Zhang, K. ",
   Title="{{O}n the design of clone-based haplotyping}",
   Journal="Genome Biol.",
   Year="2013",
   Volume="14",
   Number="9",
   Pages="R100",
   Month="Sep"
}

% 23954164 
@Article{Zhou2013,
   Author="Zhou, D.  and Udpa, N.  and Ronen, R.  and Stobdan, T.  and Liang, J.  and Appenzeller, O.  and Zhao, H. W.  and Yin, Y.  and Du, Y.  and Guo, L.  and Cao, R.  and Wang, Y.  and Jin, X.  and Huang, C.  and Jia, W.  and Cao, D.  and Guo, G.  and Gamboa, J. L.  and Villafuerte, F.  and Callacondo, D.  and Xue, J.  and Liu, S.  and Frazer, K. A.  and Li, Y.  and Bafna, V.  and Haddad, G. G. ",
   Title="{{W}hole-genome sequencing uncovers the genetic basis of chronic mountain sickness in {A}ndean highlanders}",
   Journal="Am. J. Hum. Genet.",
   Year="2013",
   Volume="93",
   Number="3",
   Pages="452--462",
   Month="Sep"
}

% 23770700 
@Article{Ronen2013,
   Author="Ronen, R.  and Udpa, N.  and Halperin, E.  and Bafna, V. ",
   Title="{{L}earning natural selection from the site frequency spectrum}",
   Journal="Genetics",
   Year="2013",
   Volume="195",
   Number="1",
   Pages="181--193",
   Month="Sep"
}


% 23734567 
@Article{Lo2013,
   Author="Lo, C.  and Kim, S.  and Zakov, S.  and Bafna, V. ",
   Title="{{E}valuating genome architecture of a complex region via generalized bipartite matching}",
   Journal="BMC Bioinformatics",
   Year="2013",
   Volume="14 Suppl 5",
   Pages="S13",
   Note="PMID:23734567. Free article.",
   OPTannote = {CCF, R01, U54 (Lucila)}
}

